<record><leader>00000cas a2200000 a 4500</leader><controlfield tag="001">12234043</controlfield><controlfield tag="008">850705d18901970ksuwr ne      0    0eng d</controlfield><datafield ind1=" " ind2=" " tag="010"><subfield code="a">sn 85029348 </subfield></datafield><datafield ind1=" " ind2=" " tag="040"><subfield code="a">KSH</subfield><subfield code="b">eng</subfield><subfield code="c">KSH</subfield><subfield code="d">NPT</subfield><subfield code="d">OCL</subfield><subfield code="d">OCLCQ</subfield></datafield><datafield ind1=" " ind2=" " tag="042"><subfield code="a">msc</subfield></datafield><datafield ind1="0" ind2=" " tag="130"><subfield code="a">Peoples herald (Quenemo, Kan.)</subfield></datafield><datafield ind1="1" ind2="4" tag="245"><subfield code="a">The peoples herald.</subfield></datafield><datafield ind1=" " ind2=" " tag="260"><subfield code="a">Quenemo, Kan. :</subfield><subfield code="b">Rogers &amp; Rogers,</subfield><subfield code="c">1890-1970.</subfield></datafield><datafield ind1=" " ind2=" " tag="300"><subfield code="a">80 v. :</subfield><subfield code="b">ill. ;</subfield><subfield code="c">46-66 cm.</subfield></datafield><datafield ind1=" " ind2=" " tag="310"><subfield code="a">Weekly</subfield></datafield><datafield ind1="0" ind2=" " tag="362"><subfield code="a">Vol. 2, no. 12 (Aug. 8, 1890)-v. 82, no. 12 (July 2, 1970).</subfield></datafield><datafield ind1=" " ind2=" " tag="500"><subfield code="a">Title varies slightly.</subfield></datafield><datafield ind1=" " ind2=" " tag="500"><subfield code="a">Published at Lyndon, Kan., Sept. 5, 1890-July 2, 1970.</subfield></datafield><datafield ind1=" " ind2=" " tag="500"><subfield code="a">Publisher varies.</subfield></datafield><datafield ind1=" " ind2=" " tag="500"><subfield code="a">"Official alliance paper of the county," Jan. 23, 1891-Nov. 5, 1896.</subfield></datafield><datafield ind1=" " ind2=" " tag="550"><subfield code="a">"Official organ of the Alliance, F.M.P.A., K. of L. and all kindred organizations; official reform organ of Osage County," Aug. 8, 1890-Jan. 16, 1891.</subfield></datafield><datafield ind1=" " ind2=" " tag="752"><subfield code="a">United States</subfield><subfield code="b">Kansas</subfield><subfield code="c">Osage</subfield><subfield code="d">Quenemo.</subfield></datafield><datafield ind1=" " ind2=" " tag="752"><subfield code="a">United States</subfield><subfield code="b">Kansas</subfield><subfield code="c">Osage</subfield><subfield code="d">Lyndon.</subfield></datafield><datafield ind1="0" ind2="0" tag="780"><subfield code="t">Quenemo leader</subfield><subfield code="w">(DLC)sn 85029403</subfield></datafield><datafield ind1="0" ind2="5" tag="780"><subfield code="t">Burlingame blade</subfield><subfield code="g">June 10, 1893</subfield><subfield code="w">(DLC)sn 85029345</subfield></datafield><datafield ind1="0" ind2="7" tag="785"><subfield code="t">Lyndon Osage County news</subfield><subfield code="w">(DLC)sn 85029370</subfield></datafield><datafield ind1="0" ind2="7" tag="785"><subfield code="t">People's herald and Lyndon Osage County news</subfield><subfield code="w">(DLC)sn 85029372</subfield></datafield></record>